@phdthesis{khammash1990stability,
  title={Stability and performance robustness of discrete-time systems with structured uncertainty},
  author={Khammash, Mustafa Hani},
  year={1990},
  school={Rice University}
}

@book{dahleh1994control,
  title={Control of uncertain systems: a linear programming approach},
  author={Dahleh, Munther A and Diaz-Bobillo, Ignacio J},
  year={1994},
  publisher={Prentice-Hall, Inc.}
}

@article{wang2019system,
  title={A system level approach to controller synthesis},
  author={Wang, Yuh-Shyang and Matni, Nikolai and Doyle, John C},
  journal={IEEE Transactions on Automatic Control},
  year={2019},
  publisher={IEEE}
}

@article{anderson2019system,
  title={System level synthesis},
  author={Anderson, James and Doyle, John C and Low, Steven H and Matni, Nikolai},
  journal={Annual Reviews in Control},
  year={2019},
  publisher={Elsevier}
}

@inproceedings{matni2017scalable,
  title={Scalable system level synthesis for virtually localizable systems},
  author={Matni, Nikolai and Wang, Yuh-Shyang and Anderson, James},
  booktitle={2017 IEEE 56th Annual Conference on Decision and Control (CDC)},
  pages={3473--3480},
  year={2017},
  organization={IEEE}
}

@inproceedings{wang2014localized,
  title={Localized LQR optimal control},
  author={Wang, Yuh-Shyang and Matni, Nikolai and Doyle, John C},
  booktitle={53rd IEEE Conference on Decision and Control},
  pages={1661--1668},
  year={2014},
  organization={IEEE}
}

@inproceedings{wang2016localized,
  title={Localized LQG optimal control for large-scale systems},
  author={Wang, Yuh-Shyang and Matni, Nikolai},
  booktitle={2016 American Control Conference (ACC)},
  pages={1954--1961},
  year={2016},
  organization={IEEE}
}

@article{wang2018separable,
  title={Separable and localized system-level synthesis for large-scale systems},
  author={Wang, Yuh-Shyang and Matni, Nikolai and Doyle, John C},
  journal={IEEE Transactions on Automatic Control},
  volume={63},
  number={12},
  pages={4234--4249},
  year={2018},
  publisher={IEEE}
}

@article{dean2017sample,
  title={On the sample complexity of the linear quadratic regulator},
  author={Dean, Sarah and Mania, Horia and Matni, Nikolai and Recht, Benjamin and Tu, Stephen},
  journal={arXiv preprint arXiv:1710.01688},
  year={2017}
}

@inproceedings{dean2018regret,
  title={Regret bounds for robust adaptive control of the linear quadratic regulator},
  author={Dean, Sarah and Mania, Horia and Matni, Nikolai and Recht, Benjamin and Tu, Stephen},
  booktitle={Advances in Neural Information Processing Systems},
  pages={4188--4197},
  year={2018}
}

@inproceedings{dean2019safely,
  title={Safely learning to control the constrained linear quadratic regulator},
  author={Dean, Sarah and Tu, Stephen and Matni, Nikolai and Recht, Benjamin},
  booktitle={2019 American Control Conference (ACC)},
  pages={5582--5588},
  year={2019},
  organization={IEEE}
}