@phdthesis{khammash1990stability,
  title={Stability and performance robustness of discrete-time systems with structured uncertainty},
  author={Khammash, Mustafa Hani},
  year={1990},
  school={Rice University}
}

@book{dahleh1994control,
  title={Control of uncertain systems: a linear programming approach},
  author={Dahleh, Munther A and Diaz-Bobillo, Ignacio J},
  year={1994},
  publisher={Prentice-Hall, Inc.}
}

@inproceedings{tan2000quasi,
  title={Quasi-LPV modeling and LPV control of a generic missile},
  author={Tan, Weehong and Packard, Andrew K and Balas, Gary J},
  booktitle={Proceedings of the 2000 American Control Conference. ACC (IEEE Cat. No. 00CH36334)},
  volume={5},
  pages={3692--3696},
  year={2000},
  organization={IEEE}
}
@article{megretski1997system,
  title={System analysis via integral quadratic constraints},
  author={Megretski, Alexandre and Rantzer, Anders},
  journal={IEEE Transactions on Automatic Control},
  volume={42},
  number={6},
  pages={819--830},
  year={1997},
  publisher={IEEE}
}

@article{packard1993complex,
  title={The complex structured singular value},
  author={Packard, Andrew and Doyle, John},
  journal={Automatica},
  volume={29},
  number={1},
  pages={71--109},
  year={1993},
  publisher={Elsevier}
}

@INPROCEEDINGS{rosinger2017structured,
author={C. A. {Rösinger} and C. W. {Scherer}},
booktitle={2017 IEEE 56th Annual Conference on Decision and Control (CDC)},
title={Structured controller design with applications to networked systems},
year={2017},
volume={},
number={},
pages={4771-4776},
keywords={control system synthesis;convex programming;decentralised control;delays;graph theory;H∞control;interconnected systems;networked control systems;structured controller design;networked systems;block-triangular dynamic component;convex optimization;delayed interconnections;nested delay structure;block-diagonal H∞-controllers;H∞-design;strongly-connected communication graph;decentralized control;Linear matrix inequalities;Optimization;Delays;Matrices;Symmetric matrices;Xenon;Networked control systems;decentralized control;LMIs},
doi={10.1109/CDC.2017.8264365},
ISSN={},
month={Dec},}

@inproceedings{lessard2014state,
  title={State-space solution to a minimum-entropy $H_\infty$-optimal control problem with a nested information constraint},
  author={Lessard, Laurent},
  booktitle={53rd IEEE Conference on Decision and Control},
  pages={4026--4031},
  year={2014},
  organization={IEEE}
}

@inproceedings{matni2014distributed,
  title={Distributed control subject to delays satisfying an $H_\infty$ norm bound},
  author={Matni, Nikolai},
  booktitle={53rd IEEE Conference on Decision and Control},
  pages={4006--4013},
  year={2014},
  organization={IEEE}
}

@incollection{andersen2000mosek,
  title={The MOSEK interior point optimizer for linear programming: an implementation of the homogeneous algorithm},
  author={Andersen, Erling D and Andersen, Knud D},
  booktitle={High performance optimization},
  pages={197--232},
  year={2000},
  publisher={Springer}
}

@article{diamond2016cvxpy,
  title={CVXPY: A Python-embedded modeling language for convex optimization},
  author={Diamond, Steven and Boyd, Stephen},
  journal={The Journal of Machine Learning Research},
  volume={17},
  number={1},
  pages={2909--2913},
  year={2016},
  publisher={JMLR. org}
}

@article{skogestad1988robust,
  title={Robust control of ill-conditioned plants: High-purity distillation},
  author={Skogestad, Sigurd and Morari, Manfred and Doyle, John C},
  journal={IEEE transactions on automatic control},
  volume={33},
  number={12},
  pages={1092--1105},
  year={1988},
  publisher={IEEE}
}


@ARTICLE{wang2019system,
author={Y. {Wang} and N. {Matni} and J. C. {Doyle}},
journal={IEEE Transactions on Automatic Control},
title={A System-Level Approach to Controller Synthesis},
year={2019},
volume={64},
number={10},
pages={4079-4093},
keywords={control system synthesis;convex programming;decentralised control;linear systems;optimal control;stability;system-level approach;controller synthesis;cyber-physical control systems;distributed communication;complementary SL elements;SL parameterizations;SLPs;Youla parameterization;SL constraints;structurally constrained controllers;external system performance;SL synthesis problems;constrained optimal control problems;stabilizing controllers;SLCs;convex programming;Optimal control;Sensors;Conferences;Linear systems;Aerospace electronics;Closed loop systems;Constrained and structured optimal control;decentralized control;large-scale systems},
doi={10.1109/TAC.2018.2890753},
ISSN={2334-3303},
month={Oct},}

@article{anderson2019system,
  title={System level synthesis},
  author={Anderson, James and Doyle, John C and Low, Steven H and Matni, Nikolai},
  journal={Annual Reviews in Control},
  year={2019},
  publisher={Elsevier}
}

@inproceedings{matni2017scalable,
  title={Scalable system level synthesis for virtually localizable systems},
  author={Matni, Nikolai and Wang, Yuh-Shyang and Anderson, James},
  booktitle={2017 IEEE 56th Annual Conference on Decision and Control (CDC)},
  pages={3473--3480},
  year={2017},
  organization={IEEE}
}

@inproceedings{wang2014localized,
  title={Localized LQR optimal control},
  author={Wang, Yuh-Shyang and Matni, Nikolai and Doyle, John C},
  booktitle={53rd IEEE Conference on Decision and Control},
  pages={1661--1668},
  year={2014},
  organization={IEEE}
}

@inproceedings{wang2016localized,
  title={Localized LQG optimal control for large-scale systems},
  author={Wang, Yuh-Shyang and Matni, Nikolai},
  booktitle={2016 American Control Conference (ACC)},
  pages={1954--1961},
  year={2016},
  organization={IEEE}
}

@article{wang2018separable,
  title={Separable and localized system-level synthesis for large-scale systems},
  author={Wang, Yuh-Shyang and Matni, Nikolai and Doyle, John C},
  journal={IEEE Transactions on Automatic Control},
  volume={63},
  number={12},
  pages={4234--4249},
  year={2018},
  publisher={IEEE}
}

@article{dean2017sample,
  title={On the sample complexity of the linear quadratic regulator},
  author={Dean, Sarah and Mania, Horia and Matni, Nikolai and Recht, Benjamin and Tu, Stephen},
  journal={arXiv preprint arXiv:1710.01688},
  year={2017}
}

@inproceedings{dean2018regret,
  title={Regret bounds for robust adaptive control of the linear quadratic regulator},
  author={Dean, Sarah and Mania, Horia and Matni, Nikolai and Recht, Benjamin and Tu, Stephen},
  booktitle={Advances in Neural Information Processing Systems},
  pages={4188--4197},
  year={2018}
}

@inproceedings{dean2019safely,
  title={Safely learning to control the constrained linear quadratic regulator},
  author={Dean, Sarah and Tu, Stephen and Matni, Nikolai and Recht, Benjamin},
  booktitle={2019 American Control Conference (ACC)},
  pages={5582--5588},
  year={2019},
  organization={IEEE}
}